@inproceedings{rastegari2016xnor,
  title={Xnor-net: Imagenet classification using binary convolutional neural networks},
  author={Rastegari, Mohammad and Ordonez, Vicente and Redmon, Joseph and Farhadi, Ali},
  booktitle={European Conference on Computer Vision},
  pages={525--542},
  year={2016},
  organization={Springer}
}

@article{zhou2016dorefa,
  title={DoReFa-Net: Training low bitwidth convolutional neural networks with low bitwidth gradients},
  author={Zhou, Shuchang and Wu, Yuxin and Ni, Zekun and Zhou, Xinyu and Wen, He and Zou, Yuheng},
  journal={arXiv preprint arXiv:1606.06160},
  year={2016}
}

@inproceedings{courbariaux2015binaryconnect,
  title={Binaryconnect: Training deep neural networks with binary weights during propagations},
  author={Courbariaux, Matthieu and Bengio, Yoshua and David, Jean-Pierre},
  booktitle={Advances in Neural Information Processing Systems},
  pages={3123--3131},
  year={2015}
}


@inproceedings{soudry2014expectation,
  title={Expectation backpropagation: Parameter-free training of multilayer neural networks with continuous or discrete weights},
  author={Soudry, Daniel and Hubara, Itay and Meir, Ron},
  booktitle={Advances in Neural Information Processing Systems},
  pages={963--971},
  year={2014}
}

@article{gong2014compressing,
  title={Compressing deep convolutional networks using vector quantization},
  author={Gong, Yunchao and Liu, Liu and Yang, Ming and Bourdev, Lubomir},
  journal={arXiv preprint arXiv:1412.6115},
  year={2014}
}

@article{kim2016bitwise,
  title={Bitwise neural networks},
  author={Kim, Minje and Smaragdis, Paris},
  journal={arXiv preprint arXiv:1601.06071},
  year={2016}
}

@article{miyashita2016convolutional,
  title={Convolutional neural networks using logarithmic data representation},
  author={Miyashita, Daisuke and Lee, Edward H and Murmann, Boris},
  journal={arXiv preprint arXiv:1603.01025},
  year={2016}
}

@article{hubara2016quantized,
  title={Quantized neural networks: Training neural networks with low precision weights and activations},
  author={Hubara, Itay and Courbariaux, Matthieu and Soudry, Daniel and El-Yaniv, Ran and Bengio, Yoshua},
  journal={arXiv preprint arXiv:1609.07061},
  year={2016}
}

@article{courbariaux2014training,
  title={Training deep neural networks with low precision multiplications},
  author={Courbariaux, Matthieu and Bengio, Yoshua and David, Jean-Pierre},
  journal={arXiv preprint arXiv:1412.7024},
  year={2014}
}

@inproceedings{wu2016quantized,
  title={Quantized convolutional neural networks for mobile devices},
  author={Wu, Jiaxiang and Leng, Cong and Wang, Yuhang and Hu, Qinghao and Cheng, Jian},
  booktitle={Proceedings of the IEEE Conference on Computer Vision and Pattern Recognition},
  pages={4820--4828},
  year={2016}
}


@article{courbariaux2016binarized,
  title={Binarized neural networks: Training deep neural networks with weights and activations constrained to+ 1 or-1},
  author={Courbariaux, Matthieu and Hubara, Itay and Soudry, Daniel and El-Yaniv, Ran and Bengio, Yoshua},
  journal={arXiv preprint arXiv:1602.02830},
  year={2016}
}


@article{shin2016quantized,
  title={Quantized neural network design under weight capacity constraint},
  author={Shin, Sungho and Hwang, Kyuyeon and Sung, Wonyong},
  journal={arXiv preprint arXiv:1611.06342},
  year={2016}
}

@article{han2015deep,
  title={Deep compression: Compressing deep neural networks with pruning, trained quantization and huffman coding},
  author={Han, Song and Mao, Huizi and Dally, William J},
  journal={arXiv preprint arXiv:1510.00149},
  year={2015}
}

@inproceedings{lin2016fixed,
  title={Fixed Point Quantization of Deep Convolutional Networks},
  author={Lin, Darryl and Talathi, Sachin and Annapureddy, Sreekanth},
  booktitle={ICML},
  pages={2849--2858},
  year={2016}
}

@inproceedings{hwang2014fixed,
  title={Fixed-point feedforward deep neural network design using weights+ 1, 0, and- 1},
  author={Hwang, Kyuyeon and Sung, Wonyong},
  booktitle={Signal Processing Systems (SiPS), 2014 IEEE Workshop on},
  pages={1--6},
  year={2014},
  organization={IEEE}
}

@article{bengio2013estimating,
  title={Estimating or propagating gradients through stochastic neurons for conditional computation},
  author={Bengio, Yoshua and L{\'e}onard, Nicholas and Courville, Aaron},
  journal={arXiv preprint arXiv:1308.3432},
  year={2013}
}

@article{lin2015neural,
  title={Neural networks with few multiplications},
  author={Lin, Zhouhan and Courbariaux, Matthieu and Memisevic, Roland and Bengio, Yoshua},
  journal={arXiv preprint arXiv:1510.03009},
  year={2015}
}

@article{muller2015rounding,
  title={Rounding methods for neural networks with low resolution synaptic weights},
  author={Muller, Lorenz K and Indiveri, Giacomo},
  journal={arXiv preprint arXiv:1504.05767},
  year={2015}
}

@inproceedings{gupta2015deep,
  title={Deep Learning with Limited Numerical Precision},
  author={Gupta, Suyog and Agrawal, Ankur and Gopalakrishnan, Kailash and Narayanan, Pritish},
  booktitle={ICML},
  pages={1737--1746},
  year={2015}
}


@article{ravanbakhsh2016efficient,
  title={Efficient Convolutional Neural Network with Binary Quantization Layer},
  author={Ravanbakhsh, Mahdyar and Mousavi, Hossein and Nabi, Moin and Marcenaro, Lucio and Regazzoni, Carlo},
  journal={arXiv preprint arXiv:1611.06764},
  year={2016}
}

@article{wu2016binarized,
  title={Binarized Neural Networks on the ImageNet Classification Task},
  author={Wu, Xundong and Wu, Yong and Zhao, Yong},
  journal={arXiv preprint arXiv:1604.03058},
  year={2016}
}

@article{ott2016recurrent,
  title={Recurrent neural networks with limited numerical precision},
  author={Ott, Joachim and Lin, Zhouhan and Zhang, Ying and Liu, Shih-Chii and Bengio, Yoshua},
  journal={arXiv preprint arXiv:1608.06902},
  year={2016}
}

@article{li2016ternary,
  title={Ternary weight networks},
  author={Li, Fengfu and Zhang, Bo and Liu, Bin},
  journal={arXiv preprint arXiv:1605.04711},
  year={2016}
}

@article{kim2015compression,
  title={Compression of deep convolutional neural networks for fast and low power mobile applications},
  author={Kim, Yong-Deok and Park, Eunhyeok and Yoo, Sungjoo and Choi, Taelim and Yang, Lu and Shin, Dongjun},
  journal={arXiv preprint arXiv:1511.06530},
  year={2015}
}

@inproceedings{seide20141,
  title={1-bit stochastic gradient descent and its application to data-parallel distributed training of speech DNNs.},
  author={Seide, Frank and Fu, Hao and Droppo, Jasha and Li, Gang and Yu, Dong},
  booktitle={Interspeech},
  pages={1058--1062},
  year={2014}
}

@inproceedings{chen2015compressing,
  title={Compressing Neural Networks with the Hashing Trick},
  author={Chen, Wenlin and Wilson, James T and Tyree, Stephen and Weinberger, Kilian Q and Chen, Yixin},
  booktitle={ICML},
  pages={2285--2294},
  year={2015}
}

@inproceedings{anwar2015fixed,
  title={Fixed point optimization of deep convolutional neural networks for object recognition},
  author={Anwar, Sajid and Hwang, Kyuyeon and Sung, Wonyong},
  booktitle={Acoustics, Speech and Signal Processing (ICASSP), 2015 IEEE International Conference on},
  pages={1131--1135},
  year={2015},
  organization={IEEE}
}

@inproceedings{vanhoucke2011improving,
title = {Improving the speed of neural networks on CPUs},
author  = {Vincent Vanhoucke and Andrew Senior and Mark Z. Mao},
year  = 2011,
booktitle = {Deep Learning and Unsupervised Feature Learning Workshop, NIPS 2011}
}
